<record><leader>00000cas a2200000 a 4500</leader><controlfield tag="001">1367792</controlfield><controlfield tag="008">750602c19099999akudn ne      0   a0eng  </controlfield><datafield ind1=" " ind2=" " tag="010"><subfield code="a">sn 82014272 </subfield></datafield><datafield ind1=" " ind2=" " tag="040"><subfield code="a">DLC</subfield><subfield code="b">eng</subfield><subfield code="c">FUL</subfield><subfield code="d">NPW</subfield><subfield code="d">NPV</subfield><subfield code="d">NPT</subfield><subfield code="d">DLC</subfield><subfield code="d">NSD</subfield><subfield code="d">OCL</subfield><subfield code="d">CNQ</subfield><subfield code="d">ANU</subfield><subfield code="d">NVJ</subfield><subfield code="d">CNW</subfield><subfield code="d">CNK</subfield><subfield code="d">DLC</subfield><subfield code="d">OBN</subfield><subfield code="d">DLC</subfield><subfield code="d">OCLCQ</subfield><subfield code="d">DLC</subfield><subfield code="d">CRL</subfield><subfield code="d">OCLCQ</subfield><subfield code="d">OCLCF</subfield><subfield code="d">NLC</subfield></datafield><datafield ind1=" " ind2=" " tag="012"><subfield code="b">3</subfield><subfield code="j">0</subfield><subfield code="k">1</subfield><subfield code="m">1</subfield></datafield><datafield ind1=" " ind2=" " tag="016"><subfield code="a">(AMICUS)000015313007</subfield></datafield><datafield ind1=" " ind2=" " tag="019"><subfield code="a">9185127</subfield><subfield code="a">9185177</subfield></datafield><datafield ind1="1" ind2=" " tag="022"><subfield code="a">8750-5495</subfield><subfield code="l">8750-5495</subfield><subfield code="2">1</subfield></datafield><datafield ind1="1" ind2=" " tag="029"><subfield code="a">AU@</subfield><subfield code="b">000021383849</subfield></datafield><datafield ind1=" " ind2=" " tag="032"><subfield code="a">183900</subfield><subfield code="b">USPS</subfield></datafield><datafield ind1=" " ind2=" " tag="037"><subfield code="b">200 North Cushman, Fairbanks, Alaska 99701</subfield></datafield><datafield ind1=" " ind2=" " tag="042"><subfield code="a">pcc</subfield><subfield code="a">nsdp</subfield></datafield><datafield ind1=" " ind2=" " tag="043"><subfield code="a">n-us-ak</subfield></datafield><datafield ind1=" " ind2=" " tag="045"><subfield code="a">x1x-</subfield></datafield><datafield ind1="0" ind2="0" tag="050"><subfield code="a">Newspaper</subfield></datafield><datafield ind1=" " ind2=" " tag="052"><subfield code="a">4373</subfield><subfield code="b">F35</subfield></datafield><datafield ind1=" " ind2="0" tag="222"><subfield code="a">Fairbanks daily news-miner</subfield></datafield><datafield ind1="0" ind2="0" tag="245"><subfield code="a">Fairbanks daily news-miner.</subfield></datafield><datafield ind1="1" ind2="3" tag="246"><subfield code="a">Fairbanks daily news miner and the daily Alaska citizen</subfield></datafield><datafield ind1=" " ind2=" " tag="260"><subfield code="a">Fairbanks, Alaska :</subfield><subfield code="b">Tanana Pub. Co.</subfield></datafield><datafield ind1=" " ind2=" " tag="300"><subfield code="a">v.</subfield></datafield><datafield ind1=" " ind2=" " tag="310"><subfield code="a">Daily,</subfield><subfield code="b">Nov. 4, 1984-&lt;&gt;</subfield></datafield><datafield ind1=" " ind2=" " tag="321"><subfield code="a">Daily (except Sunday),</subfield><subfield code="b">&lt;Apr. 2, 1909&gt;-Nov. 3, 1984</subfield></datafield><datafield ind1="1" ind2=" " tag="362"><subfield code="a">Began 1909.</subfield></datafield><datafield ind1=" " ind2=" " tag="500"><subfield code="a">Special eds. published annually.</subfield></datafield><datafield ind1=" " ind2=" " tag="500"><subfield code="a">"Between 1920-1922, the masthead titles of both the daily and weekly editions became the Fairbanks daily news-miner and daily Alaska citizen and the Fairbanks weekly news-miner and weekly Alaska citizen. On March 28, 1922, it began publishing again as the Fairbanks daily news-miner."--Alaska State Library.</subfield></datafield><datafield ind1=" " ind2=" " tag="530"><subfield code="a">Also issued on microfilm from Micro Photo Division, Bell &amp; Howell Co., University Microfilms, Inc., and Library of Congress, Photoduplication Service. Also available online.</subfield></datafield><datafield ind1=" " ind2=" " tag="580"><subfield code="a">Formed by the union of: Fairbanks daily news and: Tanana miner, and: Tanana tribune.</subfield></datafield><datafield ind1=" " ind2=" " tag="588"><subfield code="a">Description based on: 15th year, no. 103 (Feb. 1, 1918) = whole no. 2887; title from caption.</subfield></datafield><datafield ind1=" " ind2=" " tag="588"><subfield code="a">Latest issue consulted: Vol. 40, no. 143 (June 30, 1962).</subfield></datafield><datafield ind1=" " ind2="0" tag="651"><subfield code="a">Fairbanks North Star Borough (Alaska)</subfield><subfield code="v">Newspapers.</subfield></datafield><datafield ind1=" " ind2="0" tag="651"><subfield code="a">Fairbanks (Alaska)</subfield><subfield code="v">Newspapers.</subfield></datafield><datafield ind1=" " ind2="0" tag="651"><subfield code="a">Tanana (Alaska)</subfield><subfield code="v">Newspapers.</subfield></datafield><datafield ind1=" " ind2="7" tag="655"><subfield code="a">Newspapers.</subfield><subfield code="2">fast</subfield><subfield code="0">(OCoLC)fst01423814</subfield></datafield><datafield ind1=" " ind2="7" tag="651"><subfield code="a">Alaska</subfield><subfield code="z">Fairbanks.</subfield><subfield code="2">fast</subfield><subfield code="0">(OCoLC)fst01207610</subfield></datafield><datafield ind1=" " ind2="7" tag="651"><subfield code="a">Alaska</subfield><subfield code="z">Fairbanks North Star Borough.</subfield><subfield code="2">fast</subfield><subfield code="0">(OCoLC)fst01217370</subfield></datafield><datafield ind1=" " ind2="7" tag="651"><subfield code="a">Alaska</subfield><subfield code="z">Tanana.</subfield><subfield code="2">fast</subfield><subfield code="0">(OCoLC)fst01220261</subfield></datafield><datafield ind1=" " ind2=" " tag="752"><subfield code="a">United States</subfield><subfield code="b">Alaska</subfield><subfield code="c">Fairbanks North Star</subfield><subfield code="d">Fairbanks.</subfield></datafield><datafield ind1="1" ind2="4" tag="780"><subfield code="t">Fairbanks daily news</subfield><subfield code="w">(DLC)sn 95068915</subfield><subfield code="w">(OCoLC)32025267</subfield></datafield><datafield ind1="1" ind2="4" tag="780"><subfield code="t">Tanana miner</subfield><subfield code="w">(DLC)sn 84020663</subfield><subfield code="w">(OCoLC)4064799</subfield></datafield><datafield ind1="1" ind2="4" tag="780"><subfield code="t">Tanana tribune</subfield><subfield code="w">(DLC)sn 97060025</subfield><subfield code="w">(OCoLC)37440433</subfield></datafield><datafield ind1="4" ind2="1" tag="856"><subfield code="u">http://www.newsminer.com/</subfield></datafield></record>